@article{ejemplo1,
  author  = {Autor, A. and Autor, B.},
  title   = {Título del artículo},
  journal = {Nombre de la revista},
  year    = {2023},
  volume  = {10},
  number  = {2},
  pages   = {100--120},
}

@book{ejemplo2,
  author    = {Autor, C.},
  title     = {Título del libro},
  publisher = {Editorial},
  year      = {2022},
  address   = {Ciudad, País},
}

@inproceedings{ejemplo3,
  author    = {Autor, D. and Autor, E.},
  title     = {Título de la conferencia},
  booktitle = {Nombre del evento},
  year      = {2021},
  pages     = {50--60},
  address   = {Ciudad, País},
}